
  <marc:record>
    <marc:leader>00629cam  2200157   4500</marc:leader>
    <marc:controlfield tag="001">4377709-2</marc:controlfield>
    <marc:controlfield tag="008">910305s1992    txua     b    001 0 eng  </marc:controlfield>
    <marc:datafield tag="100" ind1=" " ind2=" ">
      <marc:subfield code="a">Landsburg, Steven E.,</marc:subfield>
      <marc:subfield code="d">1954-</marc:subfield>
    </marc:datafield>
    <marc:datafield tag="245" ind1=" " ind2=" ">
      <marc:subfield code="a">Price theory and applications /</marc:subfield>
      <marc:subfield code="c">Steven E. Landsburg.</marc:subfield>
    </marc:datafield>
    <marc:datafield tag="250" ind1=" " ind2=" ">
      <marc:subfield code="a">2nd ed.</marc:subfield>
    </marc:datafield>
    <marc:datafield tag="260" ind1=" " ind2=" ">
      <marc:subfield code="a">Fort Worth :</marc:subfield>
      <marc:subfield code="b">Dryden Press,</marc:subfield>
      <marc:subfield code="c">c1992.</marc:subfield>
    </marc:datafield>
    <marc:datafield tag="300" ind1=" " ind2=" ">
      <marc:subfield code="a">xxxv, 761 p. :</marc:subfield>
      <marc:subfield code="b">ill. ;</marc:subfield>
      <marc:subfield code="c">25 cm.</marc:subfield>
    </marc:datafield>
    <marc:datafield tag="597" ind1=" " ind2=" ">
      <marc:subfield code="a">M: 245anp (008Lang|26Xc : 250</marc:subfield>
      <marc:subfield code="a"> : 338|other : ...)</marc:subfield>
    </marc:datafield>
    <marc:datafield tag="598" ind1=" " ind2=" ">
      <marc:subfield code="a">W (SEW): [100, 110, 111, 700, 710, 711--not </marc:subfield>
      <marc:subfield code="t">|</marc:subfield>
      <marc:subfield code="5">]. 245</marc:subfield>
      <marc:subfield code="a">np</marc:subfield>
    </marc:datafield>
    <marc:datafield tag="599" ind1=" " ind2=" ">
      <marc:subfield code="a">E (SEW): [100, 110, 111, 700, 710, 711--not </marc:subfield>
      <marc:subfield code="t">|</marc:subfield>
      <marc:subfield code="5">]. 245</marc:subfield>
      <marc:subfield code="a">np (336|other : 008Lang+046</marc:subfield>
      <marc:subfield code="a"/>
      <marc:subfield code="d"> : 245</marc:subfield>
      <marc:subfield code="s">+250</marc:subfield>
      <marc:subfield code="a"> : ...) </marc:subfield>
    </marc:datafield>
    <marc:datafield tag="949" ind1=" " ind2=" ">
      <marc:subfield code="a">aam</marc:subfield>
    </marc:datafield>
  </marc:record>