
  <marc:record>
    <marc:leader>01089cam  2200133 a 4500</marc:leader>
    <marc:controlfield tag="008">820922s1738    enkbf         000 0 eng  </marc:controlfield>
    <marc:datafield tag="100" ind1="1" ind2=" ">
      <marc:subfield code="a">Keith, William,</marc:subfield>
      <marc:subfield code="c">Sir,</marc:subfield>
      <marc:subfield code="d">1680-1749.</marc:subfield>
    </marc:datafield>
    <marc:datafield tag="245" ind1="1" ind2="4">
      <marc:subfield code="a">The history of the British plantations in America :</marc:subfield>
      <marc:subfield code="b"
        >with a chronological account of the most remarkable things, which happen'd to the first adventurers in their several discoveries of the New World.</marc:subfield>
      <marc:subfield code="n">Part I.</marc:subfield>
      <marc:subfield code="p"
        >Containing the history of Virginia, with remarks on the trade and commerce of that colony /</marc:subfield>
      <marc:subfield code="c">by Sir William Keith, Bart.</marc:subfield>
    </marc:datafield>
    <marc:datafield tag="260" ind1=" " ind2=" ">
      <marc:subfield code="a">London :</marc:subfield>
      <marc:subfield code="b"
        >Printed at the expense of the Society for the Encouragement of Learning, by S. Richardson, and sold by A. Millar ..., J. Nourse ..., and J. Gray ..., booksellers to the Society,</marc:subfield>
      <marc:subfield code="c">MDCCXXXVIII [1738]</marc:subfield>
    </marc:datafield>
    <marc:datafield tag="300" ind1=" " ind2=" ">
      <marc:subfield code="a">[8], 187, [1] p., [2] folded leaves of plates :</marc:subfield>
      <marc:subfield code="b">maps (engravings) ;</marc:subfield>
      <marc:subfield code="c">25 cm. (4to)</marc:subfield>
    </marc:datafield>
    <marc:datafield tag="597" ind1=" " ind2=" ">
      <marc:subfield code="a">M: 245anp (008Lang|26Xc : 250</marc:subfield>
      <marc:subfield code="a"> : 338|other : ...)</marc:subfield>
    </marc:datafield>
    <marc:datafield tag="598" ind1=" " ind2=" ">
      <marc:subfield code="a">W (SEW): [100, 110, 111, 700, 710, 711--not </marc:subfield>
      <marc:subfield code="t">|</marc:subfield>
      <marc:subfield code="5">]. 245</marc:subfield>
      <marc:subfield code="a">np</marc:subfield>
    </marc:datafield>
    <marc:datafield tag="599" ind1=" " ind2=" ">
      <marc:subfield code="a">E (SEW): [100, 110, 111, 700, 710, 711--not </marc:subfield>
      <marc:subfield code="t">|</marc:subfield>
      <marc:subfield code="5">]. 245</marc:subfield>
      <marc:subfield code="a">np (336|other : 008Lang+046</marc:subfield>
      <marc:subfield code="a"/>
      <marc:subfield code="d"> : 245</marc:subfield>
      <marc:subfield code="s">+250</marc:subfield>
      <marc:subfield code="a"> : ...) </marc:subfield>
    </marc:datafield>
    <marc:datafield tag="949" ind1=" " ind2=" ">
      <marc:subfield code="a">aam</marc:subfield>
    </marc:datafield>
  </marc:record>