
  <marc:record>
    <marc:leader>01013cim a22002537i 4500</marc:leader>
    <marc:controlfield tag="006">m     o  h        </marc:controlfield>
    <marc:controlfield tag="007">sz zunnnnnuneu</marc:controlfield>
    <marc:controlfield tag="007">cr nnannnuuuuu</marc:controlfield>
    <marc:controlfield tag="008">220502s2022    xx nnnn o      z  n eng d</marc:controlfield>
    <marc:datafield tag="100" ind1="1" ind2=" ">
      <marc:subfield code="a">Benton, D. A.</marc:subfield>
      <marc:subfield code="q">(Debra A.),</marc:subfield>
      <marc:subfield code="e">author.</marc:subfield>
    </marc:datafield>
    <marc:datafield tag="245" ind1="1" ind2="0">
      <marc:subfield code="a">Executive charisma :</marc:subfield>
      <marc:subfield code="b">six steps to mastering the art of leadership /</marc:subfield>
      <marc:subfield code="c">D.A. Benton.</marc:subfield>
    </marc:datafield>
    <marc:datafield tag="250" ind1=" " ind2=" ">
      <marc:subfield code="a">[First edition].</marc:subfield>
    </marc:datafield>
    <marc:datafield tag="264" ind1=" " ind2="1">
      <marc:subfield code="a">[Place of publication not identified] :</marc:subfield>
      <marc:subfield code="b">McGraw Hill-Ascent Audio,</marc:subfield>
      <marc:subfield code="c">2022.</marc:subfield>
    </marc:datafield>
    <marc:datafield tag="300" ind1=" " ind2=" ">
      <marc:subfield code="a">1 online resource (1 sound file (6 hr., 22 min.))</marc:subfield>
    </marc:datafield>
    <marc:datafield tag="306" ind1=" " ind2=" ">
      <marc:subfield code="a">062200</marc:subfield>
    </marc:datafield>
    <marc:datafield tag="336" ind1=" " ind2=" ">
      <marc:subfield code="a">spoken word</marc:subfield>
      <marc:subfield code="b">spw</marc:subfield>
      <marc:subfield code="2">rdacontent</marc:subfield>
    </marc:datafield>
    <marc:datafield tag="337" ind1=" " ind2=" ">
      <marc:subfield code="a">computer</marc:subfield>
      <marc:subfield code="b">c</marc:subfield>
      <marc:subfield code="2">rdamedia</marc:subfield>
    </marc:datafield>
    <marc:datafield tag="338" ind1=" " ind2=" ">
      <marc:subfield code="a">online resource</marc:subfield>
      <marc:subfield code="b">cr</marc:subfield>
      <marc:subfield code="2">rdacarrier</marc:subfield>
    </marc:datafield>
    <marc:datafield tag="344" ind1=" " ind2=" ">
      <marc:subfield code="a">digital</marc:subfield>
      <marc:subfield code="2">rdatr</marc:subfield>
    </marc:datafield>
    <marc:datafield tag="347" ind1=" " ind2=" ">
      <marc:subfield code="a">audio file</marc:subfield>
      <marc:subfield code="2">rdaft</marc:subfield>
    </marc:datafield>
    <marc:datafield tag="597" ind1=" " ind2=" ">
      <marc:subfield code="a">M: 245anp (008Lang|26Xc : 250</marc:subfield>
      <marc:subfield code="a"> : 338|other : ...)</marc:subfield>
    </marc:datafield>
    <marc:datafield tag="598" ind1=" " ind2=" ">
      <marc:subfield code="a">W (SEW): [100, 110, 111, 700, 710, 711--not </marc:subfield>
      <marc:subfield code="t">|</marc:subfield>
      <marc:subfield code="5">]. 245</marc:subfield>
      <marc:subfield code="a">np</marc:subfield>
    </marc:datafield>
    <marc:datafield tag="599" ind1=" " ind2=" ">
      <marc:subfield code="a">E (SEW): [100, 110, 111, 700, 710, 711--not </marc:subfield>
      <marc:subfield code="t">|</marc:subfield>
      <marc:subfield code="5">]. 245</marc:subfield>
      <marc:subfield code="a">np (336|other : 008Lang+046</marc:subfield>
      <marc:subfield code="a"/>
      <marc:subfield code="d"> : 245</marc:subfield>
      <marc:subfield code="s">+250</marc:subfield>
      <marc:subfield code="a"> : ...) </marc:subfield>
    </marc:datafield>
  </marc:record>