
  <marc:record>
    <marc:leader>00716cam a2200169 a 4500</marc:leader>
    <marc:controlfield tag="006">m     o  d f      </marc:controlfield>
    <marc:controlfield tag="007">cr mn|||||||||</marc:controlfield>
    <marc:controlfield tag="008">041220s2001    ncuab   obs  f000 0 eng c</marc:controlfield>
    <marc:datafield tag="245" ind1="0" ind2="0">
      <marc:subfield code="a">United States timber industry</marc:subfield>
      <marc:subfield code="h">[electronic resource] :</marc:subfield>
      <marc:subfield code="b">an assessment of timber product output and use, 1996 /</marc:subfield>
      <marc:subfield code="c">Tony G. Johnson, editor.</marc:subfield>
    </marc:datafield>
    <marc:datafield tag="246" ind1=" " ind2=" ">
      <marc:subfield code="a">United States timber industry</marc:subfield>
    </marc:datafield>
    <marc:datafield tag="264" ind1=" " ind2="1">
      <marc:subfield code="a">Asheville, NC :</marc:subfield>
      <marc:subfield code="b">Southern Research Station,</marc:subfield>
      <marc:subfield code="c">[2001]</marc:subfield>
    </marc:datafield>
    <marc:datafield tag="300" ind1=" " ind2=" ">
      <marc:subfield code="a">1 online resource (v, 145 pages) :</marc:subfield>
      <marc:subfield code="b">illustrations, color maps.</marc:subfield>
    </marc:datafield>
    <marc:datafield tag="336" ind1=" " ind2=" ">
      <marc:subfield code="a">text</marc:subfield>
      <marc:subfield code="b">txt</marc:subfield>
      <marc:subfield code="2">rdacontent</marc:subfield>
    </marc:datafield>
    <marc:datafield tag="337" ind1=" " ind2=" ">
      <marc:subfield code="a">computer</marc:subfield>
      <marc:subfield code="b">c</marc:subfield>
      <marc:subfield code="2">rdamedia</marc:subfield>
    </marc:datafield>
    <marc:datafield tag="338" ind1=" " ind2=" ">
      <marc:subfield code="a">online resource</marc:subfield>
      <marc:subfield code="b">cr</marc:subfield>
      <marc:subfield code="2">rdacarrier</marc:subfield>
    </marc:datafield>
    <marc:datafield tag="700" ind1="1" ind2=" ">
      <marc:subfield code="a">Johnson, Tony G.</marc:subfield>
    </marc:datafield>
    <marc:datafield tag="710" ind1="1" ind2=" ">
      <marc:subfield code="a">United States.</marc:subfield>
      <marc:subfield code="b">Forest Service.</marc:subfield>
      <marc:subfield code="b">Southern Research Station.</marc:subfield>
    </marc:datafield>
    <marc:datafield tag="949" ind1=" " ind2=" ">
      <marc:subfield code="a">aam</marc:subfield>
    </marc:datafield>
  </marc:record>