
  <marc:record>
    <marc:leader>00409cam  2200073   4500</marc:leader>
    <marc:controlfield tag="008">220104uuuuuuuuuuuuuu-|-o----u|----|eng-d</marc:controlfield>
    <marc:datafield tag="245" ind1="0" ind2="0">
      <marc:subfield code="a"
        >Written comments on technical corrections to recent trade legislation /</marc:subfield>
      <marc:subfield code="c"
        >Subcommittee on Trade of the Committee on Ways and Means, U.S. House of Representatives.</marc:subfield>
    </marc:datafield>
    <marc:datafield tag="260" ind1=" " ind2=" ">
      <marc:subfield code="b">U.S. Government Printing Office</marc:subfield>
    </marc:datafield>
    <marc:datafield tag="710" ind1="1" ind2=" ">
      <marc:subfield code="a">United States.</marc:subfield>
      <marc:subfield code="b">Congress.</marc:subfield>
      <marc:subfield code="b">House.</marc:subfield>
      <marc:subfield code="b">Committee on Ways and Means.</marc:subfield>
      <marc:subfield code="b">Subcommittee on Trade.</marc:subfield>
    </marc:datafield>
  </marc:record>