
  <marc:record>
    <marc:leader>00271nam  22000731  4500</marc:leader>
    <marc:controlfield tag="008">810213n        stk           000 0beng  </marc:controlfield>
    <marc:datafield tag="245" ind1="0" ind2="0">
      <marc:subfield code="a"
        >Affecting narrative and surprising adventures of Mary Stuart, queen of Scotland.</marc:subfield>
    </marc:datafield>
    <marc:datafield tag="260" ind1=" " ind2=" ">
      <marc:subfield code="a">Edinburgh :</marc:subfield>
      <marc:subfield code="b">Oliver &amp; Boyd,</marc:subfield>
      <marc:subfield code="c">[n. d.]</marc:subfield>
    </marc:datafield>
    <marc:datafield tag="300" ind1=" " ind2=" ">
      <marc:subfield code="a">36 p. :</marc:subfield>
      <marc:subfield code="b">front  ;</marc:subfield>
      <marc:subfield code="c">18 cm.</marc:subfield>
    </marc:datafield>
  </marc:record>