
  <marc:record>
    <marc:leader>00212nam  22000733u 4500</marc:leader>
    <marc:controlfield tag="008">811119q        pau           000 0 eng  </marc:controlfield>
    <marc:datafield tag="245" ind1="0" ind2="0">
      <marc:subfield code="a">Child's first book.</marc:subfield>
    </marc:datafield>
    <marc:datafield tag="260" ind1=" " ind2=" ">
      <marc:subfield code="a">[Philadelphia,</marc:subfield>
      <marc:subfield code="b">Anderson &amp; Meehan, printers,</marc:subfield>
      <marc:subfield code="c">18-].</marc:subfield>
    </marc:datafield>
    <marc:datafield tag="300" ind1=" " ind2=" ">
      <marc:subfield code="a">8 p.</marc:subfield>
      <marc:subfield code="c">20 cm.</marc:subfield>
    </marc:datafield>
  </marc:record>