
  <marc:record>
    <marc:leader>00342cam  2200097u  4500</marc:leader>
    <marc:controlfield tag="008">821210d    1963dcu          f000 0 eng  </marc:controlfield>
    <marc:datafield tag="245" ind1="0" ind2="0">
      <marc:subfield code="a">List of lights and other marine aids.</marc:subfield>
      <marc:subfield code="n">Vol. V,</marc:subfield>
      <marc:subfield code="p">Mississippi River system of the United States.</marc:subfield>
    </marc:datafield>
    <marc:datafield tag="260" ind1=" " ind2=" ">
      <marc:subfield code="a">Washington :</marc:subfield>
      <marc:subfield code="b">U. S. G.P.O.,</marc:subfield>
      <marc:subfield code="c">-1963.</marc:subfield>
    </marc:datafield>
    <marc:datafield tag="300" ind1=" " ind2=" ">
      <marc:subfield code="a">v. ;</marc:subfield>
      <marc:subfield code="c">17-26 cm.</marc:subfield>
    </marc:datafield>
    <marc:datafield tag="362" ind1="0" ind2=" ">
      <marc:subfield code="a">-1963.</marc:subfield>
    </marc:datafield>
    <marc:datafield tag="710" ind1="1" ind2=" ">
      <marc:subfield code="a">United States.</marc:subfield>
      <marc:subfield code="b">Coast Guard.</marc:subfield>
    </marc:datafield>
  </marc:record>