
  <marc:record>
    <marc:leader>00373nam  22000973u 4500</marc:leader>
    <marc:controlfield tag="008">821204q        pau           000 0 eng  </marc:controlfield>
    <marc:datafield tag="245" ind1="0" ind2="0">
      <marc:subfield code="a">Mounseer Nongtongpaw:</marc:subfield>
      <marc:subfield code="b">a new version ...</marc:subfield>
    </marc:datafield>
    <marc:datafield tag="250" ind1=" " ind2=" ">
      <marc:subfield code="a">Second American ed.</marc:subfield>
    </marc:datafield>
    <marc:datafield tag="260" ind1=" " ind2=" ">
      <marc:subfield code="a">Philadelphia,</marc:subfield>
      <marc:subfield code="b">Morgan &amp; Yeager</marc:subfield>
      <marc:subfield code="c">[18--].</marc:subfield>
    </marc:datafield>
    <marc:datafield tag="300" ind1=" " ind2=" ">
      <marc:subfield code="a">16 p.</marc:subfield>
      <marc:subfield code="b">12 col. pl.</marc:subfield>
      <marc:subfield code="c">13 cm.</marc:subfield>
    </marc:datafield>
    <marc:datafield tag="500" ind1=" " ind2=" ">
      <marc:subfield code="a"
        >Cover-title: Mounseer Nongtonpaw; or The discoveries of John Bull in a trip to Paris.</marc:subfield>
    </marc:datafield>
    <marc:datafield tag="949" ind1=" " ind2=" ">
      <marc:subfield code="a">aam</marc:subfield>
    </marc:datafield>
  </marc:record>