
  <marc:record>
    <marc:leader>00381cam  22000853u 4500</marc:leader>
    <marc:controlfield tag="008">191003m    1941enka          000 0 eng  </marc:controlfield>
    <marc:datafield tag="245" ind1="0" ind2="2">
      <marc:subfield code="a">A battledore, to instruct and amuse.</marc:subfield>
    </marc:datafield>
    <marc:datafield tag="260" ind1=" " ind2=" ">
      <marc:subfield code="a">York [Eng.]</marc:subfield>
      <marc:subfield code="b">Printed and sold by C. Croshaw</marc:subfield>
      <marc:subfield code="c">[n. d.]</marc:subfield>
      <marc:subfield code="a">[Boston,</marc:subfield>
      <marc:subfield code="b">The Horn book, inc.,</marc:subfield>
      <marc:subfield code="c">1941].</marc:subfield>
    </marc:datafield>
    <marc:datafield tag="300" ind1=" " ind2=" ">
      <marc:subfield code="a">folder ([4] p.)</marc:subfield>
      <marc:subfield code="b">illus.</marc:subfield>
      <marc:subfield code="c">13 cm.</marc:subfield>
    </marc:datafield>
    <marc:datafield tag="500" ind1=" " ind2=" ">
      <marc:subfield code="a"
        >"A facsimile of an original battledore owned by the Boston public library,"</marc:subfield>
    </marc:datafield>
    <marc:datafield tag="949" ind1=" " ind2=" ">
      <marc:subfield code="a">aam</marc:subfield>
    </marc:datafield>
  </marc:record>