
  <marc:record>
    <marc:leader>00405nam  22000857a 4500</marc:leader>
    <marc:controlfield tag="008">011003b        nr a         f000 0 eng  </marc:controlfield>
    <marc:datafield tag="245" ind1="0" ind2="0">
      <marc:subfield code="a"
        >Government white paper on the report of the presidential panel on the review, harmonization, and rationalization of federal paprastatals institutions and agenies /</marc:subfield>
      <marc:subfield code="c">Federal Republic of Nigeria.</marc:subfield>
    </marc:datafield>
    <marc:datafield tag="260" ind1=" " ind2=" ">
      <marc:subfield code="a">Lagos :</marc:subfield>
      <marc:subfield code="b">The Republic,</marc:subfield>
      <marc:subfield code="c">[2000]</marc:subfield>
    </marc:datafield>
    <marc:datafield tag="300" ind1=" " ind2=" ">
      <marc:subfield code="a">ix, 68 p. ;</marc:subfield>
      <marc:subfield code="c">26 cm.</marc:subfield>
    </marc:datafield>
    <marc:datafield tag="500" ind1=" " ind2=" ">
      <marc:subfield code="a">"November 2000."</marc:subfield>
    </marc:datafield>
  </marc:record>