
  <marc:record>
    <marc:leader>00398cam  2200109 a 4500</marc:leader>
    <marc:controlfield tag="008">000107r2000    mnua   b      000 0 eng  </marc:controlfield>
    <marc:datafield tag="100" ind1="1" ind2=" ">
      <marc:subfield code="a">McCaughrean, Geraldine.</marc:subfield>
    </marc:datafield>
    <marc:datafield tag="245" ind1="1" ind2="0">
      <marc:subfield code="a">Beauty and the beast /</marc:subfield>
      <marc:subfield code="c">Geraldine McCaughrean ;  illustrated by Gary Blythe.</marc:subfield>
    </marc:datafield>
    <marc:datafield tag="250" ind1=" " ind2=" ">
      <marc:subfield code="a">1st American ed.</marc:subfield>
    </marc:datafield>
    <marc:datafield tag="260" ind1=" " ind2=" ">
      <marc:subfield code="a">Minneapolis :</marc:subfield>
      <marc:subfield code="b">Carolrhoda Books,</marc:subfield>
      <marc:subfield code="c">2000.</marc:subfield>
    </marc:datafield>
    <marc:datafield tag="300" ind1=" " ind2=" ">
      <marc:subfield code="a">1 v. (unpaged) :</marc:subfield>
      <marc:subfield code="b">ill. (some col.) p</marc:subfield>
      <marc:subfield code="c">29 cm.</marc:subfield>
    </marc:datafield>
    <marc:datafield tag="700" ind1="1" ind2=" ">
      <marc:subfield code="a">Blythe, Gary,</marc:subfield>
      <marc:subfield code="e">ill.</marc:subfield>
    </marc:datafield>
    <marc:datafield tag="949" ind1=" " ind2=" ">
      <marc:subfield code="a">aam</marc:subfield>
    </marc:datafield>
  </marc:record>