
  <marc:record>
    <marc:leader>00616cam  2200145 a 4500</marc:leader>
    <marc:controlfield tag="008">000228n1996    it a     b    100 0 eng  </marc:controlfield>
    <marc:datafield tag="111" ind1="2" ind2=" ">
      <marc:subfield code="a">European Meeting on Chemical Industry and Environment</marc:subfield>
      <marc:subfield code="d">(1996 :</marc:subfield>
      <marc:subfield code="c">Alghero, Italy)</marc:subfield>
    </marc:datafield>
    <marc:datafield tag="245" ind1="1" ind2="0">
      <marc:subfield code="a">Chemical industry and environment II /</marc:subfield>
      <marc:subfield code="c">edited by N. Piccinini, R. Delorenzo.</marc:subfield>
    </marc:datafield>
    <marc:datafield tag="246" ind1="3" ind2=" ">
      <marc:subfield code="a">Chemical industry and environment two</marc:subfield>
    </marc:datafield>
    <marc:datafield tag="246" ind1="3" ind2=" ">
      <marc:subfield code="a">Chemical industry and environment 2</marc:subfield>
    </marc:datafield>
    <marc:datafield tag="260" ind1=" " ind2=" ">
      <marc:subfield code="a">Torino :</marc:subfield>
      <marc:subfield code="b">Politecnico di Torino,</marc:subfield>
      <marc:subfield code="c">[c1996]</marc:subfield>
    </marc:datafield>
    <marc:datafield tag="300" ind1=" " ind2=" ">
      <marc:subfield code="a">3 v. (1204 p.) :</marc:subfield>
      <marc:subfield code="b">ill. ;</marc:subfield>
      <marc:subfield code="c">25 cm.</marc:subfield>
    </marc:datafield>
    <marc:datafield tag="504" ind1=" " ind2=" ">
      <marc:subfield code="a">Includes bibliographical references.</marc:subfield>
    </marc:datafield>
    <marc:datafield tag="700" ind1="1" ind2=" ">
      <marc:subfield code="a">Delorenzo, R.</marc:subfield>
      <marc:subfield code="q">(Rocco)</marc:subfield>
    </marc:datafield>
    <marc:datafield tag="700" ind1="1" ind2=" ">
      <marc:subfield code="a">Piccinini, N.</marc:subfield>
      <marc:subfield code="q">(Norberto)</marc:subfield>
    </marc:datafield>
    <marc:datafield tag="949" ind1=" " ind2=" ">
      <marc:subfield code="a">aam</marc:subfield>
    </marc:datafield>
  </marc:record>