
  <marc:record>
    <marc:leader>00441cam  2200109 a 4500</marc:leader>
    <marc:controlfield tag="008">000317n        sz a     b    001 0 eng  </marc:controlfield>
    <marc:datafield tag="041" ind1="1" ind2=" ">
      <marc:subfield code="a">eng</marc:subfield>
      <marc:subfield code="h">ger</marc:subfield>
    </marc:datafield>
    <marc:datafield tag="100" ind1="1" ind2=" ">
      <marc:subfield code="a">Allenspach, Christoph.</marc:subfield>
    </marc:datafield>
    <marc:datafield tag="240" ind1="1" ind2="0">
      <marc:subfield code="a">Architektur in der Schweiz.</marc:subfield>
      <marc:subfield code="l">English</marc:subfield>
    </marc:datafield>
    <marc:datafield tag="245" ind1="1" ind2="0">
      <marc:subfield code="a">Architecture in Switzerland :</marc:subfield>
      <marc:subfield code="b">building in the 19th and 20th centuries /</marc:subfield>
      <marc:subfield code="c"
        >Christoph Allenspach ; [English translation, Zofia Rozankowska].</marc:subfield>
    </marc:datafield>
    <marc:datafield tag="260" ind1=" " ind2=" ">
      <marc:subfield code="a">Zürich :</marc:subfield>
      <marc:subfield code="b">Pro Helvetia,</marc:subfield>
      <marc:subfield code="c">c1999.</marc:subfield>
    </marc:datafield>
    <marc:datafield tag="300" ind1=" " ind2=" ">
      <marc:subfield code="a">171 p. :</marc:subfield>
      <marc:subfield code="b">ill. ;</marc:subfield>
      <marc:subfield code="c">21 cm.</marc:subfield>
    </marc:datafield>
    <marc:datafield tag="949" ind1=" " ind2=" ">
      <marc:subfield code="a">aam</marc:subfield>
    </marc:datafield>
  </marc:record>