
  <marc:record>
    <marc:leader>00872cam  22001571  4500</marc:leader>
    <marc:controlfield tag="008">811106n        enk           000 0 eng  </marc:controlfield>
    <marc:datafield tag="100" ind1="1" ind2=" ">
      <marc:subfield code="a">Kelly, Michael,</marc:subfield>
      <marc:subfield code="d">1762-1826.</marc:subfield>
    </marc:datafield>
    <marc:datafield tag="240" ind1="1" ind2="0">
      <marc:subfield code="a">Youth, love, and folly.</marc:subfield>
      <marc:subfield code="s">Libretto.</marc:subfield>
      <marc:subfield code="l">English</marc:subfield>
    </marc:datafield>
    <marc:datafield tag="245" ind1="1" ind2="0">
      <marc:subfield code="a">Youth, love, and folly,</marc:subfield>
      <marc:subfield code="b">or, The little jockey : a comic opera, in two acts,</marc:subfield>
      <marc:subfield code="c"
        >by William Dimond ... The music by Michael Kelly. Printed form the acting copy, with remarks, biographical and critical, by D.--G. ... As performed at the Theatres Royal ...</marc:subfield>
    </marc:datafield>
    <marc:datafield tag="260" ind1=" " ind2=" ">
      <marc:subfield code="a">London,</marc:subfield>
      <marc:subfield code="b">G.H. Davidson</marc:subfield>
      <marc:subfield code="c">[n.d.]</marc:subfield>
    </marc:datafield>
    <marc:datafield tag="300" ind1=" " ind2=" ">
      <marc:subfield code="a">41 p. incl. front.</marc:subfield>
      <marc:subfield code="c">15 cm.</marc:subfield>
    </marc:datafield>
    <marc:datafield tag="490" ind1="0" ind2=" ">
      <marc:subfield code="a">Cumberland's British theatre. London, ca. 1825-55.</marc:subfield>
      <marc:subfield code="v">v. 39 [no. 3]</marc:subfield>
    </marc:datafield>
    <marc:datafield tag="500" ind1=" " ind2=" ">
      <marc:subfield code="a">Remarks by George Daniel, editor of the series.</marc:subfield>
    </marc:datafield>
    <marc:datafield tag="500" ind1=" " ind2=" ">
      <marc:subfield code="a">Music by Kelly. Cf. Grove, 5th ed.</marc:subfield>
    </marc:datafield>
    <marc:datafield tag="500" ind1=" " ind2=" ">
      <marc:subfield code="a">Reissue of Cumberland's earlier edition.</marc:subfield>
    </marc:datafield>
    <marc:datafield tag="700" ind1="1" ind2=" ">
      <marc:subfield code="a">Dimond, William,</marc:subfield>
      <marc:subfield code="d">active 1800-1830.</marc:subfield>
      <marc:subfield code="t">Youth, love, and folly.</marc:subfield>
    </marc:datafield>
  </marc:record>