
  <marc:record>
    <marc:leader>00322nam  22000851  4500</marc:leader>
    <marc:controlfield tag="008">851114q18501859paua          000 0 eng  </marc:controlfield>
    <marc:datafield tag="100" ind1="1" ind2=" ">
      <marc:subfield code="a">Murray, Charles Augustus,</marc:subfield>
      <marc:subfield code="c">Sir,</marc:subfield>
      <marc:subfield code="d">1806-1895.</marc:subfield>
    </marc:datafield>
    <marc:datafield tag="245" ind1="0" ind2="4">
      <marc:subfield code="a">The red Indians of Newfoundland.</marc:subfield>
      <marc:subfield code="c">By Charles Augustus Murray ...</marc:subfield>
    </marc:datafield>
    <marc:datafield tag="260" ind1=" " ind2=" ">
      <marc:subfield code="a">Philadelphia,</marc:subfield>
      <marc:subfield code="b">T.B. Peterson</marc:subfield>
      <marc:subfield code="c">[185-?]</marc:subfield>
    </marc:datafield>
    <marc:datafield tag="300" ind1=" " ind2=" ">
      <marc:subfield code="a">1 p. l., 176 p.</marc:subfield>
      <marc:subfield code="b">illus.</marc:subfield>
      <marc:subfield code="c">24 cm.</marc:subfield>
    </marc:datafield>
  </marc:record>