
  <marc:record>
    <marc:leader>00373cam  22001217a 4500</marc:leader>
    <marc:controlfield tag="008">060710p20052003nyua          001 0 eng d</marc:controlfield>
    <marc:datafield tag="100" ind1="1" ind2=" ">
      <marc:subfield code="a">Smith, Delia.</marc:subfield>
    </marc:datafield>
    <marc:datafield tag="245" ind1="1" ind2="0">
      <marc:subfield code="a">Chicken /</marc:subfield>
      <marc:subfield code="c">Delia Smith.</marc:subfield>
    </marc:datafield>
    <marc:datafield tag="246" ind1="1" ind2="3">
      <marc:subfield code="a">SmartCook collection :</marc:subfield>
      <marc:subfield code="b">chicken</marc:subfield>
    </marc:datafield>
    <marc:datafield tag="260" ind1=" " ind2=" ">
      <marc:subfield code="a">New York :</marc:subfield>
      <marc:subfield code="b">Dorling Kindersley,</marc:subfield>
      <marc:subfield code="c">2003, 2005.</marc:subfield>
    </marc:datafield>
    <marc:datafield tag="300" ind1=" " ind2=" ">
      <marc:subfield code="a">135 p. :</marc:subfield>
      <marc:subfield code="b">col. ill. ;</marc:subfield>
      <marc:subfield code="c">28 cm.</marc:subfield>
    </marc:datafield>
    <marc:datafield tag="440" ind1=" " ind2="0">
      <marc:subfield code="a">SmartCook collection</marc:subfield>
    </marc:datafield>
    <marc:datafield tag="500" ind1=" " ind2=" ">
      <marc:subfield code="a">Includes index.</marc:subfield>
    </marc:datafield>
    <marc:datafield tag="949" ind1=" " ind2=" ">
      <marc:subfield code="a">aam</marc:subfield>
    </marc:datafield>
  </marc:record>