
  <marc:record>
    <marc:leader>00824cam  22001457a 4500</marc:leader>
    <marc:controlfield tag="007">hduafb---bacp</marc:controlfield>
    <marc:controlfield tag="007">hdubfb---baap</marc:controlfield>
    <marc:controlfield tag="008">970904p19511948enkb    a     001 0 eng  </marc:controlfield>
    <marc:datafield tag="100" ind1="1" ind2=" ">
      <marc:subfield code="a">Furber, Holden,</marc:subfield>
      <marc:subfield code="d">1903-1993.</marc:subfield>
    </marc:datafield>
    <marc:datafield tag="245" ind1="1" ind2="0">
      <marc:subfield code="a">John Company at work</marc:subfield>
      <marc:subfield code="h">[microform] :</marc:subfield>
      <marc:subfield code="b"
        >a study of European expansion in India in the late eighteenth century /</marc:subfield>
      <marc:subfield code="c">by Holden Furber.</marc:subfield>
    </marc:datafield>
    <marc:datafield tag="260" ind1=" " ind2=" ">
      <marc:subfield code="a">Cambridge :</marc:subfield>
      <marc:subfield code="b">Harvard University Press,</marc:subfield>
      <marc:subfield code="c">1951, c1948.</marc:subfield>
    </marc:datafield>
    <marc:datafield tag="300" ind1=" " ind2=" ">
      <marc:subfield code="a">xiv, 407 p. :</marc:subfield>
      <marc:subfield code="b">folded map ;</marc:subfield>
      <marc:subfield code="c">22 cm.</marc:subfield>
    </marc:datafield>
    <marc:datafield tag="500" ind1=" " ind2=" ">
      <marc:subfield code="a">Includes index.</marc:subfield>
    </marc:datafield>
    <marc:datafield tag="533" ind1=" " ind2=" ">
      <marc:subfield code="a">Microfilm.</marc:subfield>
      <marc:subfield code="b">New Delhi :</marc:subfield>
      <marc:subfield code="c">Library of Congress Office ;</marc:subfield>
      <marc:subfield code="b">Chicago :</marc:subfield>
      <marc:subfield code="c">Available from Center for Research Libraries,</marc:subfield>
      <marc:subfield code="d">1996.</marc:subfield>
      <marc:subfield code="e">On 1 microfilm reel with other items ; 35 mm.</marc:subfield>
      <marc:subfield code="f"
        >(SAMP early 20th-century Indian books project ; item 10229)</marc:subfield>
      <marc:subfield code="n">Master microform held by: ICRL.</marc:subfield>
    </marc:datafield>
    <marc:datafield tag="830" ind1=" " ind2="0">
      <marc:subfield code="a">SAMP early 20th-century Indian books project ;</marc:subfield>
      <marc:subfield code="v">item 10229.</marc:subfield>
    </marc:datafield>
  </marc:record>