
  <marc:record>
    <marc:leader>01464cjm  22003251a 4500</marc:leader>
    <marc:controlfield tag="007">sd|fsngnnmmned</marc:controlfield>
    <marc:controlfield tag="008">000329p19981961it opn   di             d</marc:controlfield>
    <marc:datafield tag="041" ind1="0" ind2=" ">
      <marc:subfield code="d">ita</marc:subfield>
      <marc:subfield code="e">ita</marc:subfield>
      <marc:subfield code="g">eng</marc:subfield>
      <marc:subfield code="g">fre</marc:subfield>
      <marc:subfield code="g">ita</marc:subfield>
    </marc:datafield>
    <marc:datafield tag="100" ind1="1" ind2=" ">
      <marc:subfield code="a">Donizetti, Gaetano,</marc:subfield>
      <marc:subfield code="d">1797-1848.</marc:subfield>
    </marc:datafield>
    <marc:datafield tag="245" ind1="1" ind2="3">
      <marc:subfield code="a">Il gioved i grasso</marc:subfield>
      <marc:subfield code="h">[sound recording] /</marc:subfield>
      <marc:subfield code="c">Gaetano Donizetti.</marc:subfield>
    </marc:datafield>
    <marc:datafield tag="260" ind1=" " ind2=" ">
      <marc:subfield code="a">Torino :</marc:subfield>
      <marc:subfield code="b">Nuova Era,</marc:subfield>
      <marc:subfield code="c">p1998.</marc:subfield>
    </marc:datafield>
    <marc:datafield tag="300" ind1=" " ind2=" ">
      <marc:subfield code="a">1 sound disc (61 min.) :</marc:subfield>
      <marc:subfield code="b">digital ;</marc:subfield>
      <marc:subfield code="c">4 3/4 in.</marc:subfield>
    </marc:datafield>
    <marc:datafield tag="306" ind1=" " ind2=" ">
      <marc:subfield code="a">006002</marc:subfield>
    </marc:datafield>
    <marc:datafield tag="440" ind1=" " ind2="0">
      <marc:subfield code="a">Arte vocale italiana</marc:subfield>
    </marc:datafield>
    <marc:datafield tag="500" ind1=" " ind2=" ">
      <marc:subfield code="a">Opera in one act.</marc:subfield>
    </marc:datafield>
    <marc:datafield tag="546" ind1=" " ind2=" ">
      <marc:subfield code="a">Sung in Italian.</marc:subfield>
    </marc:datafield>
    <marc:datafield tag="500" ind1=" " ind2=" ">
      <marc:subfield code="a">Libretto by Domenico Gilardoni(?).</marc:subfield>
    </marc:datafield>
    <marc:datafield tag="511" ind1="0" ind2=" ">
      <marc:subfield code="a"
        >Bruna Rizzoli, soprano ; Maria Minetto, mezzo-soprano ; Rodolfo Malacarne, Juan Oncina, tenors ; Nestore Catalani, baritone ; James Loomis, bass ; supporting soloists ; Orchestra della Radiotelevisione della Svizzera italiana ; Edwin Loehrer, conductor.</marc:subfield>
    </marc:datafield>
    <marc:datafield tag="518" ind1=" " ind2=" ">
      <marc:subfield code="a"
        >Recorded Feb. 1961, Audiotorio RSI, Lugano, Switzerland.</marc:subfield>
    </marc:datafield>
    <marc:datafield tag="500" ind1=" " ind2=" ">
      <marc:subfield code="a">Compact disc.</marc:subfield>
    </marc:datafield>
    <marc:datafield tag="500" ind1=" " ind2=" ">
      <marc:subfield code="a"
        >Program notes by Davide Annachini in English, French, and Italian, and libretto in Italian (32 p. : ill.) in container.</marc:subfield>
    </marc:datafield>
    <marc:datafield tag="700" ind1="1" ind2=" ">
      <marc:subfield code="a">Gilardoni, Domenico.</marc:subfield>
      <marc:subfield code="4">lbt</marc:subfield>
    </marc:datafield>
    <marc:datafield tag="700" ind1="1" ind2=" ">
      <marc:subfield code="a">Rizzoli, Bruna.</marc:subfield>
      <marc:subfield code="4">voc</marc:subfield>
    </marc:datafield>
    <marc:datafield tag="700" ind1="1" ind2=" ">
      <marc:subfield code="a">Minetto, Maria.</marc:subfield>
      <marc:subfield code="4">voc</marc:subfield>
    </marc:datafield>
    <marc:datafield tag="700" ind1="1" ind2=" ">
      <marc:subfield code="a">Malacarne, Rodolfo.</marc:subfield>
      <marc:subfield code="4">voc</marc:subfield>
    </marc:datafield>
    <marc:datafield tag="700" ind1="1" ind2=" ">
      <marc:subfield code="a">Oncina, Juan,</marc:subfield>
      <marc:subfield code="d">1925-2009.</marc:subfield>
      <marc:subfield code="4">voc</marc:subfield>
    </marc:datafield>
    <marc:datafield tag="700" ind1="1" ind2=" ">
      <marc:subfield code="a">Catalani, Nestore.</marc:subfield>
      <marc:subfield code="4">voc</marc:subfield>
    </marc:datafield>
    <marc:datafield tag="700" ind1="1" ind2=" ">
      <marc:subfield code="a">Loomis, James,</marc:subfield>
      <marc:subfield code="d">1925-</marc:subfield>
      <marc:subfield code="4">voc</marc:subfield>
    </marc:datafield>
    <marc:datafield tag="700" ind1="1" ind2=" ">
      <marc:subfield code="a">Loehrer, Edwin.</marc:subfield>
      <marc:subfield code="4">cnd</marc:subfield>
    </marc:datafield>
    <marc:datafield tag="710" ind1="2" ind2=" ">
      <marc:subfield code="a">Radiotelevisione della Svizzera italiana.</marc:subfield>
      <marc:subfield code="b">Orchestra.</marc:subfield>
      <marc:subfield code="4">prf</marc:subfield>
    </marc:datafield>
  </marc:record>