
  <marc:record>
    <marc:leader>01089cam a2200217Ma 4500</marc:leader>
    <marc:controlfield tag="006">m     o  d i      </marc:controlfield>
    <marc:controlfield tag="007">cr cn|nnn|||||</marc:controlfield>
    <marc:controlfield tag="008">830812s1980    dcu     ob   i000 0 eng d</marc:controlfield>
    <marc:datafield tag="100" ind1="1" ind2=" ">
      <marc:subfield code="a">Wheeler, David,</marc:subfield>
      <marc:subfield code="d">1946-</marc:subfield>
      <marc:subfield code="1"
        >https://id.oclc.org/worldcat/entity/E39PCjDgx8JgWHhwXty9QYgcWC</marc:subfield>
    </marc:datafield>
    <marc:datafield tag="245" ind1="1" ind2="0">
      <marc:subfield code="a"
        >Human resource development and economic growth in developing countries :</marc:subfield>
      <marc:subfield code="b">a simultaneous model /</marc:subfield>
      <marc:subfield code="c">prepared by David Wheeler.</marc:subfield>
    </marc:datafield>
    <marc:datafield tag="260" ind1=" " ind2=" ">
      <marc:subfield code="a">Washington, D.C.,</marc:subfield>
      <marc:subfield code="c">1980.</marc:subfield>
    </marc:datafield>
    <marc:datafield tag="260" ind1=" " ind2=" ">
      <marc:subfield code="a"
        >Washington, D.C. (1818 H St., N.W., Washington 20433) :</marc:subfield>
      <marc:subfield code="b">World Bank,</marc:subfield>
      <marc:subfield code="c">©1980.</marc:subfield>
    </marc:datafield>
    <marc:datafield tag="300" ind1=" " ind2=" ">
      <marc:subfield code="a">1 online resource.</marc:subfield>
    </marc:datafield>
    <marc:datafield tag="336" ind1=" " ind2=" ">
      <marc:subfield code="a">text</marc:subfield>
      <marc:subfield code="b">txt</marc:subfield>
      <marc:subfield code="2">rdacontent</marc:subfield>
    </marc:datafield>
    <marc:datafield tag="337" ind1=" " ind2=" ">
      <marc:subfield code="a">computer</marc:subfield>
      <marc:subfield code="b">c</marc:subfield>
      <marc:subfield code="2">rdamedia</marc:subfield>
    </marc:datafield>
    <marc:datafield tag="338" ind1=" " ind2=" ">
      <marc:subfield code="a">online resource</marc:subfield>
      <marc:subfield code="b">cr</marc:subfield>
      <marc:subfield code="2">rdacarrier</marc:subfield>
    </marc:datafield>
    <marc:datafield tag="490" ind1="1" ind2=" ">
      <marc:subfield code="a">World Bank staff working paper ;</marc:subfield>
      <marc:subfield code="v">no. 407</marc:subfield>
    </marc:datafield>
    <marc:datafield tag="500" ind1=" " ind2=" ">
      <marc:subfield code="a"
        >Title screen viewed on July 11, 2014; available on the Internet in PDF and TXT formats.</marc:subfield>
    </marc:datafield>
    <marc:datafield tag="500" ind1=" " ind2=" ">
      <marc:subfield code="a">"July 1980."</marc:subfield>
    </marc:datafield>
    <marc:datafield tag="504" ind1=" " ind2=" ">
      <marc:subfield code="a">Includes bibliographical references.</marc:subfield>
    </marc:datafield>
    <marc:datafield tag="856" ind1="4" ind2="0">
      <marc:subfield code="u"
        >http://documents.worldbank.org/curated/en/1980/07/1555032/human-resource-development-economic-growth-developing-countries-simultaneous-model</marc:subfield>
      <marc:subfield code="z">Online text</marc:subfield>
    </marc:datafield>
  </marc:record>