
  <marc:record>
    <marc:leader>01207cgm a2200373 i 4500</marc:leader>
    <marc:controlfield tag="007">vd cvaizu</marc:controlfield>
    <marc:controlfield tag="008">220504s1968    wau011            vleng d</marc:controlfield>
    <marc:datafield tag="041" ind1="0" ind2=" ">
      <marc:subfield code="h">eng</marc:subfield>
    </marc:datafield>
    <marc:datafield tag="046" ind1=" " ind2=" ">
      <marc:subfield code="k">1968-03-18</marc:subfield>
      <marc:subfield code="2">edtf</marc:subfield>
    </marc:datafield>
    <marc:datafield tag="245" ind1="0" ind2="0">
      <marc:subfield code="a">Robert Garfias recordings: Son House/guitar.</marc:subfield>
    </marc:datafield>
    <marc:datafield tag="264" ind1=" " ind2="0">
      <marc:subfield code="c">1968-03-18</marc:subfield>
    </marc:datafield>
    <marc:datafield tag="264" ind1=" " ind2="0">
      <marc:subfield code="a">[Seattle, Wash.] :</marc:subfield>
      <marc:subfield code="b">University of Washington,</marc:subfield>
      <marc:subfield code="c">[1968]</marc:subfield>
    </marc:datafield>
    <marc:datafield tag="300" ind1=" " ind2=" ">
      <marc:subfield code="a">1 videodisc (approximately 11 min.) :</marc:subfield>
      <marc:subfield code="b">sound, color ;</marc:subfield>
      <marc:subfield code="c">4 3/4 in.</marc:subfield>
    </marc:datafield>
    <marc:datafield tag="336" ind1=" " ind2=" ">
      <marc:subfield code="a">two-dimensional moving image</marc:subfield>
      <marc:subfield code="b">tdi</marc:subfield>
      <marc:subfield code="2">rdacontent</marc:subfield>
    </marc:datafield>
    <marc:datafield tag="337" ind1=" " ind2=" ">
      <marc:subfield code="a">video</marc:subfield>
      <marc:subfield code="b">v</marc:subfield>
      <marc:subfield code="2">rdamedia</marc:subfield>
    </marc:datafield>
    <marc:datafield tag="338" ind1=" " ind2=" ">
      <marc:subfield code="a">videodisc</marc:subfield>
      <marc:subfield code="b">vd</marc:subfield>
      <marc:subfield code="2">rdacarrier</marc:subfield>
    </marc:datafield>
    <marc:datafield tag="340" ind1=" " ind2=" ">
      <marc:subfield code="b">4 3/4 in.</marc:subfield>
    </marc:datafield>
    <marc:datafield tag="340" ind1=" " ind2=" ">
      <marc:subfield code="d">burning</marc:subfield>
      <marc:subfield code="2">rdapm</marc:subfield>
    </marc:datafield>
    <marc:datafield tag="340" ind1=" " ind2=" ">
      <marc:subfield code="g">polychrome</marc:subfield>
      <marc:subfield code="2">rdacc</marc:subfield>
    </marc:datafield>
    <marc:datafield tag="340" ind1=" " ind2=" ">
      <marc:subfield code="g">color</marc:subfield>
    </marc:datafield>
    <marc:datafield tag="341" ind1=" " ind2=" ">
      <marc:subfield code="a">auditory</marc:subfield>
      <marc:subfield code="b">captions</marc:subfield>
    </marc:datafield>
    <marc:datafield tag="344" ind1=" " ind2=" ">
      <marc:subfield code="a">digital</marc:subfield>
      <marc:subfield code="2">rdatr</marc:subfield>
    </marc:datafield>
    <marc:datafield tag="344" ind1=" " ind2=" ">
      <marc:subfield code="b">optical</marc:subfield>
      <marc:subfield code="2">rdarm</marc:subfield>
    </marc:datafield>
    <marc:datafield tag="344" ind1=" " ind2=" ">
      <marc:subfield code="i">sound</marc:subfield>
      <marc:subfield code="2">rdasco</marc:subfield>
    </marc:datafield>
    <marc:datafield tag="344" ind1=" " ind2=" ">
      <marc:subfield code="g">stereo</marc:subfield>
      <marc:subfield code="2">rdacpc</marc:subfield>
    </marc:datafield>
    <marc:datafield tag="345" ind1=" " ind2=" ">
      <marc:subfield code="d">wide screen</marc:subfield>
      <marc:subfield code="2">rdaar</marc:subfield>
    </marc:datafield>
    <marc:datafield tag="346" ind1=" " ind2=" ">
      <marc:subfield code="b">NTSC</marc:subfield>
      <marc:subfield code="2">rdabs</marc:subfield>
    </marc:datafield>
    <marc:datafield tag="347" ind1=" " ind2=" ">
      <marc:subfield code="b">DVD video</marc:subfield>
    </marc:datafield>
    <marc:datafield tag="511" ind1="0" ind2=" ">
      <marc:subfield code="a">Son House, guitar.</marc:subfield>
    </marc:datafield>
    <marc:datafield tag="538" ind1=" " ind2=" ">
      <marc:subfield code="a">DVD-R, NTSC.</marc:subfield>
    </marc:datafield>
    <marc:datafield tag="500" ind1=" " ind2=" ">
      <marc:subfield code="a">DVD-R viewing copy of 16mm film.</marc:subfield>
      <marc:subfield code="5">WaU</marc:subfield>
    </marc:datafield>
    <marc:datafield tag="546" ind1=" " ind2=" ">
      <marc:subfield code="a">In English.</marc:subfield>
    </marc:datafield>
    <marc:datafield tag="700" ind1="1" ind2=" ">
      <marc:subfield code="a">House, Son,</marc:subfield>
      <marc:subfield code="e">perfromer.</marc:subfield>
    </marc:datafield>
    <marc:datafield tag="856" ind1="4" ind2="2">
      <marc:subfield code="u"
        >https://archiveswest.orbiscascade.org/ark:/80444/xv43395</marc:subfield>
      <marc:subfield code="z">Connect to the finding aid for the archival collection</marc:subfield>
    </marc:datafield>
  </marc:record>