
  <marc:record>
    <marc:leader>00885ngm a2200217 i 4500</marc:leader>
    <marc:controlfield tag="006">m     o  c f      </marc:controlfield>
    <marc:controlfield tag="007">vz cuauu|</marc:controlfield>
    <marc:controlfield tag="007">cr |||||||||||</marc:controlfield>
    <marc:controlfield tag="008">200331s2019    mdu001 e     fo   vceng c</marc:controlfield>
    <marc:datafield tag="245" ind1="0" ind2="0">
      <marc:subfield code="a">Why I participate in Alzheimer's research.</marc:subfield>
      <marc:subfield code="p">Will's story.</marc:subfield>
      <marc:subfield code="s">Short version.</marc:subfield>
    </marc:datafield>
    <marc:datafield tag="250" ind1=" " ind2=" ">
      <marc:subfield code="a">[Short version]</marc:subfield>
    </marc:datafield>
    <marc:datafield tag="264" ind1=" " ind2="1">
      <marc:subfield code="a">[Bethesda, Md.] :</marc:subfield>
      <marc:subfield code="b">National Institute on Aging,</marc:subfield>
      <marc:subfield code="c">2019.</marc:subfield>
    </marc:datafield>
    <marc:datafield tag="300" ind1=" " ind2=" ">
      <marc:subfield code="a">1 online resource (1 streaming video file (53 sec.)) :</marc:subfield>
      <marc:subfield code="b">sound, color</marc:subfield>
    </marc:datafield>
    <marc:datafield tag="336" ind1=" " ind2=" ">
      <marc:subfield code="a">two-dimensional moving image</marc:subfield>
      <marc:subfield code="b">tdi</marc:subfield>
      <marc:subfield code="2">rdacontent</marc:subfield>
    </marc:datafield>
    <marc:datafield tag="337" ind1=" " ind2=" ">
      <marc:subfield code="a">video</marc:subfield>
      <marc:subfield code="b">v</marc:subfield>
      <marc:subfield code="2">rdamedia</marc:subfield>
    </marc:datafield>
    <marc:datafield tag="337" ind1=" " ind2=" ">
      <marc:subfield code="a">computer</marc:subfield>
      <marc:subfield code="b">c</marc:subfield>
      <marc:subfield code="2">rdamedia</marc:subfield>
    </marc:datafield>
    <marc:datafield tag="338" ind1=" " ind2=" ">
      <marc:subfield code="a">online resource</marc:subfield>
      <marc:subfield code="b">cr</marc:subfield>
      <marc:subfield code="2">rdacarrier</marc:subfield>
    </marc:datafield>
    <marc:datafield tag="588" ind1=" " ind2=" ">
      <marc:subfield code="a"
        >Description based on contents last updated May 14, 2019 (viewed on March 31, 2020); title from NIA's YouTube page.</marc:subfield>
    </marc:datafield>
    <marc:datafield tag="650" ind1=" " ind2="0">
      <marc:subfield code="a">Streaming video.</marc:subfield>
    </marc:datafield>
    <marc:datafield tag="655" ind1=" " ind2="7">
      <marc:subfield code="a">Video recordings.</marc:subfield>
      <marc:subfield code="2">lcgft</marc:subfield>
    </marc:datafield>
    <marc:datafield tag="710" ind1="2" ind2=" ">
      <marc:subfield code="a">National Institute on Aging,</marc:subfield>
      <marc:subfield code="e">issuing body.</marc:subfield>
    </marc:datafield>
  </marc:record>
</marc:collection>
